%% Hier schreibst du die Quellen hin die du verwendet hast
%% inbook bedautet Auschnitt aus einem Buch

@inbook{cormenBFS,
  keywords={analog},
  title={Introduction to algorithms},
  author={Cormen, Thomas H and Leiserson, Charles E and Rivest, Ronald L and Stein, Clifford},
  year={2009},
  pages={594--603},
  publisher={MIT press}
}
@inbook{hashMap,
  title={Introduction to algorithms},
  author={Cormen, Thomas H and Leiserson, Charles E and Rivest, Ronald L and Stein, Clifford},
  year={2009},
  pages={253--280},
  publisher={MIT press}
}

@article{drohandata,
  title={Data Structures},
  author={Drohan, David},
  year={2012},
  pages={57--60},
  publisher={Pearson Education, Inc}
}

@book{west1996introduction,
  title={Modern graph theory},
  author={Bollob{\'a}s, B{\'e}la},
  volume={184},
  year={2013},
  publisher={Springer Science \& Business Media}
}

@article{hart,
  title={Correction to 'A formal basis for the heuristic determination of minimum cost paths'\space },
  author={Hart, Peter E and Nilsson, Nils J and Raphael, Bertram},
  journal={ACM SIGART Bulletin},
  number={37},
  pages={28--29},
  year={1972},
  publisher={ACM New York, NY, USA}
}

@article{dijkstra,
  keywords={analog},
  title={A note on two problems in connexion with graphs},
  author={Dijkstra, Edsger W and others},
  journal={Numerische mathematik},
  volume={1},
  number={1},
  pages={269--271},
  year={1959}
}
@book{skienaPriorityQueue,
  keywords={analog},
  title={The algorithm design manual: Text},
  author={Skiena, Steven S},
  volume={1},
  year={1998},
  pages={31--33},
  publisher={Springer Science \& Business Media}
}

@online{bwinfPlakat,
  keywords={digital},
  author = "Bundesweite-Informatikwettbewerbe",
  title = {Plakat 38. Bundeswettbewerb Informatik},
  year = 2019,
  url = {https://bwinf.de/fileadmin/bundeswettbewerb/38/Plakat_BwInf_38.pdf},
  addendum = {(accessed: 06.07.2020)}
}

@online{bwinfSpielfeld,
  keywords={digital},
  author = "Bundesweite-Informatikwettbewerbe",
  title = {Die Aufgaben der 2. Runde},
  year = 2019,
  url = {https://bwinf.de/fileadmin/bundeswettbewerb/38/aufgaben382.pdf},
  addendum = {(accessed: 06.07.2020)}
}


@online{bwinfMaterial,
  keywords={digital},
  author = "Bundesweite-Informatikwettbewerbe",
  title = {BWINF: Material 38.2},
  year = 2020,
  url = {https://bwinf.de/bundeswettbewerb/38/2/material/},
  addendum = {(accessed: 04.08.2020)}
}

@online{wikipediaGraph,
  keywords={digital},
  author = "wikipedia",
  title = {Multigraph: Mehrfachkanten werden durch eine gewichtete Kante visualisiert},
  year = 2020,
  url = {https://de.wikipedia.org/wiki/Graph_\%28Graphentheorie\%29#/media/Datei:CPT-Graphs-directed-weighted-ex1.svg},
  addendum = {(accessed: 04.08.2020)}
}
@online{wikipediaUbahn,
  keywords={digital},
  author = "wikipedia",
  title = {Plan der Wiener U-Bahn},
  year = 2020,
  url = {https://de.wikipedia.org/wiki/Graph_\%28Graphentheorie\%29#/media/Datei:U-Bahn_Wien.png},
  addendum = {(accessed: 04.08.2020)}
}

@online{bundesWettbewerbInformatik,
author="Bundesweite-Informatikwettbewerbe",
title= {Bundeswettbewerb Informatik: Talente entdecken, Talente f√∂rdern
},
year=2019,
url={https://bwinf.de/bundeswettbewerb/},
addendum={(accesed: 14.8.2020)
}}